% primeiro trab relacionado
@article{davidson2017automated,
  title={Automated hate speech detection and the problem of offensive language},
  author={Davidson, Thomas and Warmsley, Dana and Macy, Michael and Weber, Ingmar},
  journal={arXiv preprint arXiv:1703.04009},
  year={2017}
}

% segundo trab relacionado
@inproceedings{nobata2016abusive,
  title={Abusive language detection in online user content},
  author={Nobata, Chikashi and Tetreault, Joel and Thomas, Achint and Mehdad, Yashar and Chang, Yi},
  booktitle={Proceedings of the 25th international conference on world wide web},
  pages={145--153},
  year={2016},
  organization={International World Wide Web Conferences Steering Committee}
}

% terceiro trab relacionado
@article{canutoestudo,
  title={Um Estudo sobre Meta-Atributos para Classifica{\c{c}}ao Autom{\'a}tica de Texto},
  author={Canuto, S{\'e}rgio and Gon{\c{c}}alves, Luiz Felipe and Salles, Thiago and Gon{\c{c}}alves, Marcos Andr{\'e}},
  year={2013}
}

@article{almeida2017abordagem,
  title={Uma Abordagem para Identificar e Monitorar Haters em Redes Sociais Online},
  author={Nakamura, Fabíola G and others},
  year={2017}
}

% exemplo discurso ofensivo
@inproceedings{kwok2013locate,
  title={Locate the Hate: Detecting Tweets against Blacks.},
  author={Kwok, Irene and Wang, Yuzhou},
  booktitle={AAAI},
  year={2013}
}

% oq é discurso de ódio
@article{nockleby2000hate,
  title={Hate speech},
  author={Nockleby, John T},
  journal={Encyclopedia of the American constitution},
  volume={3},
  pages={1277--79},
  year={2000},
  publisher={Detroit: Macmillan Reference USA}
}

% introduçao
@inproceedings{schmidt2017survey,
  title={A survey on hate speech detection using natural language processing},
  author={Schmidt, Anna and Wiegand, Michael},
  booktitle={Proceedings of the Fifth International Workshop on Natural Language Processing for Social Media},
  pages={1--10},
  year={2017}
}

@article{sebastiani2002machine,
  title={Machine learning in automated text categorization},
  author={Sebastiani, Fabrizio},
  journal={ACM computing surveys (CSUR)},
  volume={34},
  number={1},
  pages={1--47},
  year={2002},
  publisher={ACM}
}

@phdthesis{batista2003pre,
  title={Pr{\'e}-processamento de dados em aprendizado de m{\'a}quina supervisionado},
  author={Batista, Gustavo Enrique de Almeida Prado and others},
  year={2003},
  school={Universidade de S{\~a}o Paulo}
}

% stem
@article{jivani2011comparative,
  title={A comparative study of stemming algorithms},
  author={Jivani, Anjali Ganesh and others},
  journal={Int. J. Comp. Tech. Appl},
  volume={2},
  number={6},
  pages={1930--1938},
  year={2011}
}

% Porter Stemmer
@misc{porter2001snowball,
  title={Snowball: A language for stemming algorithms},
  author={Porter, Martin F},
  year={2001}
}
@phdthesis{alvares2005investigaccao,
  title={Investiga{\c{c}}{\~a}o do processo de Stemming na l{\'\i}ngua portuguesa},
  author={Alvares, Reinaldo Viana},
  year={2005},
  school={Universidade Federal Fluminense}
}

% sobre ngram
@article{nather2005n,
  title={N-gram based Text Categorization},
  author={N{\'a}ther, Peter},
  journal={Lomonosov Moscow State Univ},
  year={2005}
}
@misc{exemplongram,
  title={researchgate},
  howpublished={\url{https://www.researchgate.net/figure/N-gram-text-representation_fig4_256290162}},
  note={Exemplo de N-gram. Acessado em junho 2018},
  year={2018}
}

% tfidf
@inproceedings{tfidf-martins2003metodologia,
  title={Uma metodologia para auxiliar na sele{\c{c}}ao de atributos relevantes usados por algoritmos de aprendizado no processo de classifica{\c{c}}ao de textos},
  author={Martins, Claudia A and Monard, Maria Carolina and Matsubara, Edson T},
  booktitle={XXIX Conferencia LatinoAmericana de Informatica-CLEI, La Paz, Bol{\i}via.(to be published)},
  volume={38},
  year={2003}
}

% book - bow
@article{goldberg2017neural,
  title={Neural network methods for natural language processing},
  author={Goldberg, Yoav},
  journal={Synthesis Lectures on Human Language Technologies},
  volume={10},
  number={1},
  pages={1--309},
  year={2017},
  publisher={Morgan \& Claypool Publishers}
}

% knn - dissertacao
@phdthesis{santos2009variaccoes,
  title={Varia{\c{c}}{\~o}es do m{\'e}todo kNN e suas aplica{\c{c}}{\~o}es na classifica{\c{c}}{\~a}o autom{\'a}tica de textos},
  author={SANTOS, FERNANDO CHAGAS and others},
  year={2009},
  school={Disserta{\c{c}}{\~a}o de Mestrado, Programa de P{\'o}s-Gradua{\c{c}}{\~a}o do Instituto de Inform{\'a}tica da Universidade Federal de Goi{\'a}s, Universidade Federal de Goi{\'a}s, Goi{\^a}nia, Brasil}
}

% base em pt-br
@inproceedings{Pelle2017,
    title={Offensive Comments in the Brazilian Web: a dataset and baseline results},
    author={Rogers P. de Pelle and Viviane P. Moreira},
    booktitle={6th Brazilian Workshop on Social Network Analysis and Mining (BraSNAM)},
    year={2017},
    note={to appear}
}